2730 5062
418 333 870 476 'Micuaupsiiruicuiva
899 319 901 326 ,
931 427 934 434 ,
970 350 972 362 ³
1081 363 1166 460 387
1198 362 1205 370 “

115 525 155 589 in·
166 543 206 590 eo
220 526 296 588 libro
309 523 352 589 esi
361 525 444 592 istius
456 529 582 593 bominis
591 531 660 610 (viri
674 531 823 614 alioquin,
844 531 967 613 quodeii
981 530 1170 614 eiutseriptii

116 607 280 690 unicuique
295 611 379 673 facile
393 613 491 692 uidere
505 615 559 682 est,
581 616 783 688 eruditissimi)
796 618 911 678 malitia
931 635 962 676 et
981 619 1165 696 peruertitur.

116 693 293 756 Primanum
305 696 420 774 (inquit
435 699 465 758 in
481 697 531 758 ista
544 699 682 777 epistola)
693 697 852 779 sophisma,
870 719 901 760 et
914 701 945 760 iu
958 719 1019 782 quo
1033 701 1084 762 sibi
1103 722 1166 762 cer·

117 793 181 838 tam
199 779 324 856 palmam
342 781 520 858 promittere
533 781 649 842 videtur
664 784 806 851 sociavi,
828 783 883 856 est,
905 791 983 862 quod
1002 781 1175 846 aetimundi

116 863 244 923 verbum
261 869 436 941 pierumque
450 879 482 923 et
506 863 570 924 sere
592 863 705 944 semper
723 865 956 944 metaphoricam
977 839 1165 944 sgnifieatio·

116 961 191 1005 nern
204 945 353 1012 obtineat,
375 946 456 1008 idem
468 948 568 1006 valens
580 941 662 1026 'quod
675 945 815 1017 liberare,
837 964 889 1008 aut
902 945 1175 1013 sibiaffer'eianuila·

109 1027 340 1101 ,interueniente
358 1033 442 1108 pretii
455 1027 620 1102 solutione,
653 1030 730 1090 vnde
751 1027 936 1102 eoncludit,'
956 1051 1013 1092 nec
1035 1051 1104 1094 tum
1125 1036 1163 1102 de
1219 1067 1222 1075 «

116 1109 222 1172 Christi
235 1110 422 1179 redemtione
436 1113 466 1174 in
482 1112 627 1194 Scriptura
647 1111 744 1176 sermo
764 1112 819 1184 eit,
839 1116 937 1184 asiam,
960 1133 1050 1191 quam
1068 1109 1164 1178 meta·

116 1193 271 1276 photinam
288 1194 503 1258 redemtionem
514 1187 665 1277 inteiligi.'
705 1198 773 1256 Hoc
789 1211 1000 1277 argumentum
1011 1205 1106 1261 Sicini
1118 1199 1165 1272 af·
1287 1259 1293 1278 ,

81 1271 94 1291 ⁸
116 1277 220 1340 fitium
236 1277 379 1356 exagitet,
390 1285 431 1338 'et
443 1297 512 1340 eum
527 1277 583 1340 suis
597 1279 686 1340 laruis
699 1279 814 1358 sirenue
829 1279 967 1340 lusiitur:
989 1299 1056 1342 cuni
1067 1301 1165 1363 neque
1252 1274 1256 1284 ’
1285 1313 1287 1328 =

116 1365 245 1432 uicinas,
260 1379 355 1440 oeque
371 1361 522 1442 quisquam
541 1360 671 1446 nostrum
692 1365 786 1424 viiuin
806 1355 1069 1441 argumentamini
1089 1383 1165 1427 voce
1200 1383 1203 1394 ‘

116 1443 315 1506 redemtionis
330 1443 428 1522 ducat.
470 1446 671 1525 Argumenta,
690 1465 809 1524 qureox
820 1443 967 1510 bravonii,
982 1449 1085 1510 etaliir
1093 1447 1164 1511 buia
1221 1490 1223 1494 -

116 1526 260 1610 similibus
273 1535 429 1607 petuntur,
451 1526 668 1608 pontificiorum
683 1547 714 1589 et
727 1531 970 1610 euangelicorum
985 1527 1061 1596 sunt.
1103 1528 1164 1596 Nos
1233 1579 1236 1592 .

115 1615 168 1689 (vt
180 1615 270 1670 etiam
288 1611 318 1670 in
332 1629 365 1671 eo
379 1617 446 1674 loco
465 1612 504 1672 ab
523 1609 639 1673 austere
663 1609 897 1693 epistolae-apud
916 1616 1040 1673 aurien
1060 1629 1164 1674 notato

117 1693 220 1754 videre
240 1691 299 1769 est)
326 1691 571 1772 respondentium
597 1713 723 1755 munere
743 1693 912 1772 fungimur.
944 1713 975 1754 et
995 1697 1112 1776 prolatis
1132 1698 1165 1758 in
1216 1687 1238 1734 '-

117 1777 251 1838 medium
264 1797 324 1838 non
338 1779 440 1856 paucis
452 1776 605 1838 sententiis
619 1787 657 1836 et
666 1777 822 1856 exemplis,
845 1779 875 1838 in
892 1778 1001 1859 quibua
1013 1799 1072 1840 vox
1086 1779 1180 1841 reaia.
1277 1837 1278 1840 ,

40 1909 48 1924 .
116 1857 222 1922 mendi
236 1859 394 1939 iimpiicem
407 1862 612 1921 liberationem
625 1859 780 1940 significat,
802 1862 963 1922 vanitarem
978 1859 1065 1936 huius
1079 1882 1165 1941 argu-

116 1942 230 2008 menti,
253 1945 329 2019 quod
344 1947 379 2004 ab
394 1941 565 2004 aduersariis
580 1943 682 2004 nostris
697 1963 732 2004 eii
745 1962 818 2022 voce
831 1943 1164 2014 redemtiouirducitur,
1228 1981 1230 1989 i

117 2024 309 2090 ostendimus.
354 2026 680 2087 Virumeruditumhoc
693 2047 750 2086 nun
763 2027 947 2095 animadueit
959 2025 1016 2096 sse,
1038 2027 1165 2105 quissibi

116 2106 305 2187 persuadeat,
331 2108 496 2170 autsioon
510 2111 657 2180 aduertit,
689 2109 754 2186 quis
771 2109 840 2168 indu
854 2129 913 2173 non
927 2109 1061 2189 colligat,
1094 2113 1165 2172 eiam
1226 2175 1233 2186 ,

90 2235 93 2249 .
116 2193 151 2254 in
173 2193 255 2261 aliie,
289 2209 369 2267 quae
385 2193 416 2252 in
437 2191 517 2255 libris
536 2192 639 2253 nosris
658 2191 812 2254 subtiliora
840 2185 1015 2262 occurrunt,
1047 2194 1165 2274 prorsus

116 2291 243 2336 coecum
256 2273 332 2346 esse,
355 2275 480 2351 ideoque
494 2273 581 2354 ipsius
595 2275 626 2348 io
644 2293 694 2342 nos
707 2274 812 2353 scripta
825 2294 916 2336 meras
928 2274 984 2334 esse
1004 2295 1166 2338 coecorum

114 2357 316 2432 decoioiibur
329 2357 499 2422 sententiar,
522 2376 622 2437 neque
635 2359 722 2420 visam
737 2377 773 2418 ex
789 2355 852 2434 ipsis
870 2359 903 2416 ad
920 2356 1039 2420 sessores
1056 2361 1164 2420 vtiiita·
1223 2353 1226 2358 ’

113 2440 457 2518 temredundatepusse.
490 2439 756 2520 ›Quisspinieao
796 2439 879 2500 istum
899 2441 1011 2508 virum,
1043 2461 1111 2504 cum
1132 2444 1165 2504 in

115 2527 206 2586 rebus
222 2541 282 2584 tini
301 2522 941 2603 manifestistammalasidenobiscumagat‚
964 2525 1164 2586 inaiiirfidem
1232 2576 1235 2584 .
1267 2545 1269 2555 ·

115 2603 323 2669 seruaturum?
386 2609 463 2682 Quia
476 2627 537 2668 noo
551 2606 665 2676 videat,
701 2605 784 2673 istor,
817 2607 1024 2668 dumadeuni
1036 2603 1193 2688 moduni„

62 2685 67 2707 ⁸
115 2685 271 2762 nobiscum
285 2705 390 2768 agant,
411 2705 441 2750 et
457 2710 511 2750 nos
528 2710 565 2750 ex
579 2688 824 2768 respondentibus
845 2705 1028 2768 opponentes
1041 2689 1163 2757 faciant,

114 2773 222 2855 pudori
237 2788 267 2830 it
279 2771 479 2834 conscientiae
491 2772 630 2834 numium
642 2769 788 2836 remisisse,
801 2789 831 2837 et
844 2792 911 2832 cum
926 2773 1040 2832 nulium
1055 2794 1070 2832 a
1088 2772 1165 2832 veri·
1249 2846 1252 2850 Ι
1311 2801 1316 2808 ·

115 2871 182 2916 tute
197 2856 264 2914 suae
277 2853 390 2916 caussie
405 2855 559 2916 subsidium
573 2855 680 2915 babere
701 2851 821 2934 possint,
854 2855 1049 2934 patrocinium
1065 2855 1107 2912 iiii
1125 2858 1164 2917 ab

115 2941 307 3016 improbitate
323 2957 354 2998 et
366 2939 552 3019 peruersitate
565 2956 723 3018 quaerere,
744 2935 852 2998 etsatis
869 2941 995 3008 habere,
1018 2936 1037 2997 si
1055 2933 1163 3000 tudio·

114 3019 353 3100 sia'l'beoiogiae
370 3025 450 3083 libris
465 3022 566 3082 nostris
588 3021 747 3086 destitutis,
772 3016 917 3080 eiusmodi
939 3021 1048 3100 artibus
1070 3022 1165 3100 impii·
1246 3081 1249 3091 ,

115 3121 221 3174 nunt,.
233 3120 263 3167 et
276 3124 379 3164 eorum
395 3103 521 3174 animos,
542 3119 687 3183 quantum
711 3097 843 3182 possunt,
863 3123 877 3164 a
896 3105 1018 3164 veritate
1038 3103 1165 3183 diligen·

114 3189 179 3249 tius
194 3186 361 3268 indaganda
373 3202 518 3250 auirtunt.
560 3185 1165 3264 EodemstraragrmateutunturGriiorur

115 3279 282 3343 eaPaereirr,
304 3271 416 3344 etalii,
439 3270 490 3349 qui
506 3270 535 3332 in
550 3287 603 3330 noa
623 3268 814 3348 scripserunt,
835 3271 886 3346 qui
908 3289 969 3330 non
991 3269 1165 3345 habuissent,

113 3353 200 3431 quod
215 3361 263 3414 vel
276 3348 386 3414 mutire
400 3369 502 3426 contra
517 3373 567 3414 nor
586 3373 623 3432 po
660 3351 759 3418 issent,
781 3350 833 3412 nisi
853 3371 903 3412 nos
922 3353 1045 3418 subinde
1067 3373 1101 3414 ex
1120 3373 1166 3414 re·
1225 3356 1228 3364 '

113 3436 334 3516 spondentibus
345 3453 532 3516 opponentes
546 3436 602 3498 seti
625 3436 684 3498 int.
726 3439 810 3494 Burri
823 3433 892 3501 esse,
913 3452 944 3496 rt
960 3439 1007 3498 vei
1020 3435 1166 3514 quidquid

114 3523 150 3581 in
164 3520 286 3580 buccam
301 3520 417 3582 venerit
436 3516 533 3597 ioqui,
556 3520 647 3580 acide
665 3518 723 3580 suis
738 3517 851 3578 insanis
872 3515 1019 3598 figmrirtir
1038 3515 1166 3579 furiosae
1196 3535 1200 3540 ’

115 3603 284 3682 triumphos
297 3621 384 3682 agere
392 3625 405 3668 ,·
422 3604 502 3681 quod
516 3603 617 3681 ptiqiie
631 3602 876 3681 perditaeeorum
890 3592 1165 3670 caussaeeuiiientis·
1259 3651 1262 3660 ,

114 3683 221 3746 simum
238 3701 459 3766 argumentum,
481 3705 570 3763 quam
587 3683 761 3768 clarissimae¹
779 3687 890 3744 veritati
913 3686 1017 3744 redire
1043 3692 1166 3756 malunt,

95 3769 99 3775 ’
117 3785 152 3828 et
165 3768 232 3830 satis
247 3772 413 3830 iueuienter
425 3769 478 3828 bac
492 3769 541 3828 sua
558 3768 744 3846 peruersitate
765 3767 938 3831 ostendunt,
960 3765 1010 3826 sibi
1032 3786 1093 3828 nou
1113 3785 1167 3826 ve·

114 3851 255 3918 ritatem.
278 3867 307 3912 et
323 3851 382 3912 Dei
397 3853 534 3932 gloriam,
558 3851 791 3917 sediariitatem
814 3853 979 3912 mundanae
1002 3849 1115 3927 gloriae
1135 3861 1167 3909 et

117 3933 290 4004 diuitiarum
306 3937 387 3994 cordi
406 3933 470 4000 esse.
536 3934 656 4004 vident.
668 3936 756 3994 anim
771 3934 922 3992 veritatem
939 3931 1093 4006 expositam
1109 3932 1167 3992 etse

117 4017 197 4078 odiis
213 4017 349 4078 omnium
352 4024 375 4097 Α
389 4017 520 4095 ideoque
533 4028 709 4113 perpetuum
722 4017 785 4076 eius
805 4013 1021 4088 comitemesse
1041 4022 1168 4094 pauper-v

115 4113 221 4174 tatem,
263 4101 434 4164 Malesiiada
446 4119 549 4165 autem
563 4101 657 4163 samer
672 4116 703 4160 et
715 4100 799 4163 rrissir
820 4097 939 4179 egessit.
957 4143 959 4154 ι
1002 4097 1169 4241 Hortibiift

415 4203 418 4209 ·
642 4184 732 4245 aba
949 4227 951 4238 .
1104 4183 1167 4242 mu

1214 2275 1231 2300 Ι
